@book{ros:mastering,
  title={Mastering ROS for Robotics Programming},
  author={Joseph, L.},
  isbn={9781785282997},
  url={https://books.google.pl/books?id=2jjlCwAAQBAJ},
  year={2015},
  publisher={Packt Publishing},
  howpublished={https://books.google.pl/books?id=2jjlCwAAQBAJ},
}

@misc{ros:willowgarage,
    author = "{Wikipedia contributors}",
    title = "Willow Garage --- {Wikipedia}{,} The Free Encyclopedia",
    year = "2019",
    howpublished = "\url{https://en.wikipedia.org/w/index.php?title=Willow_Garage&oldid=914205892}",
    note = "[Online; accessed 27-January-2020]"
  }

@online{ros:about,
  title={About {ROS}},
  author={Open Robotics},
  howpublished={\url{https://www.ros.org/about-ros/}}
}

@online{ros:documentation,
  title={Documentation},
  author={ROS wiki contributors},
  howpublished={\url{http://wiki.ros.org}}
}

@online{ros:rqt,
  title={rqt - {ROS} wiki},
  author={ROS wiki contributors},
  howpublished={\url{http://wiki.ros.org/rqt}}
}

@article{ros:control,
  author = {Chitta, Sachin and Marder-Eppstein, Eitan and Meeussen, Wim and Pradeep, Vijay and Rodr{\'i}guez Tsouroukdissian, Adolfo  and Bohren, Jonathan and Coleman, David and Magyar, Bence and Raiola, Gennaro and L{\"u}dtke, Mathias and Fern{\'a}ndez Perdomo, Enrique},
  title = {ros\_control: A generic and simple control framework for {ROS}},
  journal = {The Journal of Open Source Software},
  year = {2017},
  doi = {10.21105/joss.00456},
  howpublished={\url{http://www.theoj.org/joss-papers/joss.00456/10.21105.joss.00456.pdf}}
}